@article{scholz2006approaches,
  title={Approaches to analyse and interpret biological profile data},
  author={Scholz, Matthias},
  year={2006}
}

@article{mcculloch1943logical,
  title={A logical calculus of the ideas immanent in nervous activity},
  author={McCulloch, Warren S and Pitts, Walter},
  journal={The bulletin of mathematical biophysics},
  volume={5},
  number={4},
  pages={115--133},
  year={1943},
  publisher={Springer}
}

@article{olazaran1996sociological,
  title={A sociological study of the official history of the perceptrons controversy},
  author={Olazaran, Mikel},
  journal={Social Studies of Science},
  volume={26},
  number={3},
  pages={611--659},
  year={1996},
  publisher={Sage Publications London}
}
